@TECHREPORT{Hayes93vdmz,
    author = {I. J. Hayes and I. J. Hayes and C. B. Jones and C. B. Jones and J. E. Nicholls and J. E. Nicholls},
    title = {{Understanding the differences between VDM and Z}},
    institution = {},
    year = {1993}
}
